Vessel,Trip,Date,Week,Potlimit,Length,Year,Pounds,Pots,Revenue,BegLat,BegLon,EndLat,EndLon,Portoflanding,SWH,Soak
1,11,1/15/2013,3,300,35,2013,800,60,1200,44.546416,-125.4646,44.2346,-125.1313,Newport,12,11
2,22,1/20/2013,4,400,50,2013,500,40,1600,44.4646,-124.674,44.21316,-124.2364,Astoria,1,8
3,33,1/8/2013,2,500,65,2013,750,45,400,43.8789,-124.796,43.5463,-124.468,Coos Bay,1,12
4,44,1/8/2013,2,300,35,2013,550,80,750,42.1314,-125.4647,42.71516,-125.64641,Brookings,0,11
5,55,1/5/2013,1,400,42,2013,450,50,900,45.1616,-124.97,45.1031,-125.13464,Newport,3,2
1,1313,1/12/2013,2,300,35,2013,800,60,1200,44.364,-125.4646,44.2346,-125.1313,Newport,3,4
2,22316,1/20/2013,4,400,50,2013,236,90,700,44.6364,-124.546,44.2479,-124.346,Astoria,12,11
3,334646,1/8/2013,2,500,65,2013,1316,100,2250,43.846,-124.746,43.648,-124.7046,Coos Bay,3,5
4,44646,1/6/2013,2,300,35,2013,3234,65,6000,42.1123,-125.41313,42.456,-125.61313,Brookings,4,8
5,556133,1/6/2013,2,400,42,2013,346,75,600,45.189416,-125.3164,45.12316,-125.29479,Newport,11,18
1,132131,1/8/2014,2,300,35,2014,263,60,2000,44.646,-125.46463,44.23161,-125.1616,Newport,7,0.5
2,13216416,1/5/2014,2,400,50,2014,488,112,800,44.6161,-124.1616,44.16169,-124.13674,Newport,12,4
3,6546546,1/6/2014,2,500,65,2014,1066,53,400,43.6464,-124.794666,43.6616,-124.389491,Astoria,6,16
4,1651,1/7/2014,2,300,35,2014,746,55,678,42.1652,-125.4667,42.76161,-125.3677,Coos Bay,9,3
5,1654164,1/6/2014,2,400,42,2014,117,111,489,45.1617,-125.6949,45.06196,-125.31016,Brookings,8,9
1,16116,1/2/2015,1,300,35,2015,145,60,240,44.346,-125.789,44.246,-125.545,Newport,10,1
3,256147,1/3/2015,1,500,65,2015,344,90,450,43.5464,-126.799,43.4566,-126.546,Brookings,9,9
4,454949,1/1/2015,1,300,35,2015,1450,100,2450,42.6462,-125.4646,42.346,-126.3131,Newport,5,5
5,351641,1/5/2015,2,400,42,2015,1000,80,1800,41.794,-124.9413,41.8163,-124.8976,Brookings,10,8
1,1316,1/8/2016,2,300,35,2016,800,90,900,42,-124.76,42.123,-124.646,Brookings,12,18
2,648,1/4/2016,2,400,50,2016,750,75,1200,46.15,-124.46,46.11,-124.364,Newport,9,7
4,62013,12/20/2016,52,300,35,2016,3191.164608,141,424,40.56449676,-124.8913423,40.77013066,-124.8778523,Tillamook,0,7
4,5264231,3/20/2013,12,300,35,2013,2921.994257,142,4525,45.61049086,-124.2351668,46.15761797,-124.1971316,Siuslaw,0,20
5,724,5/24/2013,21,400,42,2013,261.3284064,85,3259,41.39074912,-124.5514199,41.93219197,-124.5252333,Siuslaw,4,13
3,1525721,7/19/2013,29,500,65,2013,3423.20638,99,797,42.10731911,-124.8555533,42.70053539,-124.7285795,Garibaldi,8,12
3,9996,1/28/2015,5,500,65,2015,2085.604234,120,1315,48.40528246,-124.1146902,48.64007709,-124.0640188,Siuslaw,0,10
5,156025,2/2/2013,5,400,42,2013,671.2904789,140,3472,48.56928954,-124.6873222,48.74637403,-124.6027115,Siuslaw,2,9
2,378927,3/25/2014,13,400,50,2014,3154.417167,149,1720,43.06366739,-124.951832,44.042191,-124.8068647,Newport,5,14
1,266030,12/25/2015,52,300,35,2015,2908.475174,118,62,45.60354839,-124.9350822,45.80647039,-124.9266298,Siuslaw,6,16
4,568,12/23/2014,52,300,35,2014,876.0513854,130,1836,49.66140658,-124.2994758,49.87157664,-124.1172885,Brookings,2,13
2,278,12/15/2015,51,400,50,2015,868.1140156,113,3768,45.3537547,-124.767796,46.0805135,-124.6766809,Astoria,8,4
3,38738,12/1/2013,49,500,65,2013,2533.873915,95,449,48.09990823,-124.1105431,48.30611834,-124.0797139,Tillamook,3,11
3,1512955,1/8/2015,2,500,65,2015,3473.027423,103,4910,47.43431571,-124.8372722,47.59319431,-124.7682761,Siuslaw,0,4
5,679,12/26/2013,52,400,42,2013,1724.039147,139,3072,46.83142363,-124.3866339,47.61737511,-124.2178616,Tillamook,1,15
5,327721,12/18/2015,51,400,42,2015,2537.170871,70,3505,41.61678345,-124.2351591,41.69298604,-124.169542,Siuslaw,3,5
4,3222,3/1/2015,10,300,35,2015,1848.36849,78,1049,47.69811868,-124.1630282,47.87253465,-124.0803642,Newport,0,6
5,88571,7/4/2015,27,400,42,2015,303.3109872,59,4092,45.31652255,-124.9044022,45.65249744,-124.8458547,Newport,0,4
4,153307,7/6/2015,28,300,35,2015,3173.203842,109,138,41.4621309,-124.9641968,41.59066804,-124.8570357,Astoria,7,9
1,61318,12/30/2015,53,300,35,2015,698.8086172,92,3311,46.67441013,-124.567508,47.25363606,-124.4410915,Astoria,11,17
3,382,12/30/2016,53,500,65,2016,1603.140768,62,3881,43.15867256,-124.490433,44.02469191,-124.3389217,Siuslaw,3,12
3,272,12/4/2014,49,500,65,2014,2707.295369,123,4967,40.52625088,-124.5819952,41.30487547,-124.4982104,Tillamook,5,19
2,4689,1/17/2015,3,400,50,2015,475.8592678,112,1498,44.19954671,-124.3393855,44.43082894,-124.1727088,Garibaldi,7,4
1,949653,12/15/2014,51,300,35,2014,3126.66513,133,4126,47.52489493,-124.6698153,48.23382127,-124.612706,Newport,11,0.5
1,275,12/7/2013,49,300,35,2013,2822.441567,104,2882,46.67682049,-124.646636,47.64952976,-124.6189656,Coos Bay,5,4
2,28523,7/23/2013,30,400,50,2013,3277.942943,68,2077,43.23383293,-124.6879867,43.85161396,-124.6041578,Newport,2,2
4,854,1/2/2015,1,300,35,2015,1149.468906,87,2767,48.38339158,-124.7273989,48.55542135,-124.5647995,Newport,12,7
1,50876,12/17/2015,51,300,35,2015,2962.189099,82,3449,48.19338026,-124.7739597,48.91341914,-124.6722228,Coos Bay,3,1
3,108015,12/28/2016,53,500,65,2016,513.7062001,77,3784,49.21107659,-124.7031569,50.12096368,-124.5423264,Garibaldi,6,16
1,16500,12/17/2015,51,300,35,2015,2947.272079,132,1272,42.36129589,-124.7992456,42.961739,-124.7370001,Newport,6,12
2,149,12/7/2015,50,400,50,2015,1163.406943,132,496,46.31883082,-124.9601131,46.32332883,-124.8396346,Garibaldi,9,10
3,172,6/15/2014,25,500,65,2014,2816.06135,83,3402,45.59874248,-124.6824978,46.12360805,-124.5942714,Astoria,12,4
5,4550,12/11/2016,51,400,42,2016,2194.357545,118,3674,49.26792122,-124.1365867,49.54622283,-123.9846001,Siuslaw,12,10
1,537029,12/2/2014,49,300,35,2014,865.9641203,145,452,45.26798853,-124.2621044,46.00939885,-124.203816,Brookings,10,16
5,248,12/21/2015,52,400,42,2015,2271.908281,58,4020,46.96391173,-124.4818536,47.90564454,-124.2957317,Garibaldi,10,2
4,21096,12/29/2014,53,300,35,2014,1488.638307,76,1241,44.55279032,-124.5222342,44.97292256,-124.3607449,Newport,1,17
4,659,12/24/2014,52,300,35,2014,1837.632942,95,1927,41.6714702,-124.7074578,41.81257228,-124.5801099,Astoria,12,18
1,19668,5/27/2014,22,300,35,2014,1819.906126,64,1884,49.22588814,-124.794377,49.5775669,-124.6396688,Coos Bay,7,9
2,105531,3/7/2014,10,400,50,2014,626.9520668,75,2197,40.64880284,-124.75518,40.72254688,-124.6752068,Garibaldi,5,8
5,10094,1/26/2014,5,400,42,2014,344.0615555,132,764,42.40772695,-124.7842682,43.03422952,-124.6094253,Astoria,5,10
3,72,8/24/2014,35,500,65,2014,641.4924767,53,786,43.19357527,-124.3134541,44.06345982,-124.2899174,Coos Bay,5,8
1,40,12/11/2013,50,300,35,2013,297.5893489,100,3606,46.99451002,-124.477794,47.91845051,-124.3967302,Garibaldi,0,7
1,3493,12/12/2013,50,300,35,2013,701.3223501,126,2949,40.62454398,-124.3464956,41.06818928,-124.1678933,Garibaldi,5,2
5,124912,4/20/2013,16,400,42,2013,1567.392296,148,1268,42.76006066,-124.9986747,42.87234563,-124.8548026,Brookings,1,4
1,150,12/13/2015,51,300,35,2015,2278.379337,111,2599,47.80865485,-124.5138896,48.58749935,-124.386297,Siuslaw,2,16
2,7027,12/31/2013,53,400,50,2013,1528.594571,119,1356,46.67023443,-124.7885839,47.03855914,-124.7017368,Newport,1,16
3,534,12/18/2014,51,500,65,2014,708.1318333,73,2231,44.66446431,-124.6226637,45.27272758,-124.5396947,Siuslaw,6,9
2,5885,12/13/2015,51,400,50,2015,208.3909661,61,959,44.64867305,-124.0030566,44.8127211,-123.8699991,Newport,5,0.2
2,77334,12/17/2014,51,400,50,2014,1799.887644,138,2344,45.53597526,-124.9416032,45.60087733,-124.88119,Newport,9,19
1,9674,8/6/2015,32,300,35,2015,3002.984313,79,3197,43.73760788,-124.5606987,43.87154686,-124.5249794,Coos Bay,11,2
1,48,12/3/2016,49,300,35,2016,1354.805867,148,4055,41.10161821,-124.9136397,41.701015,-124.7300619,Brookings,1,0.7
5,37,3/2/2013,9,400,42,2013,1623.260666,50,742,42.0499565,-124.0002318,42.98616699,-123.8338169,Garibaldi,12,18
2,1220,5/24/2014,21,400,50,2014,1122.022486,96,2954,45.51442506,-124.480537,46.45168306,-124.3311771,Garibaldi,6,18
1,82926,3/25/2013,13,300,35,2013,149.7320491,142,4717,45.93878012,-124.5701356,46.69308751,-124.5332044,Tillamook,9,14
2,35,2/13/2015,7,400,50,2015,2524.795147,62,2481,43.75219609,-124.8221927,43.80527058,-124.8132848,Brookings,6,13
5,6156,3/6/2013,10,400,42,2013,2925.222925,88,4712,42.38310873,-124.4588961,43.05747269,-124.4406294,Coos Bay,5,13
1,379,12/28/2015,53,300,35,2015,990.5332131,115,3058,47.97322398,-124.7150006,48.66297877,-124.5288471,Brookings,0,6
5,1506,12/23/2016,52,400,42,2016,1938.47063,138,3710,45.80775086,-124.290309,46.22694507,-124.1735484,Astoria,12,10
2,38618,12/23/2015,52,400,50,2015,2364.097171,77,3025,43.52931676,-124.5246459,43.83683133,-124.4297502,Siuslaw,0,6
1,7826,12/13/2014,50,300,35,2014,785.1341058,92,2038,46.72019385,-124.451201,46.8868456,-124.3992304,Siuslaw,11,6
1,28,12/26/2015,52,300,35,2015,2178.107096,121,4044,41.24274139,-124.7526761,42.14423001,-124.6632215,Garibaldi,7,7
2,15,12/18/2013,51,400,50,2013,2414.537064,137,3292,43.47657735,-124.2900617,43.48084186,-124.1823439,Tillamook,9,7
3,941,8/7/2015,32,500,65,2015,1151.157886,93,184,48.25264973,-124.6217223,48.93555823,-124.5168117,Astoria,11,10
1,31730,12/21/2013,51,300,35,2013,313.1312895,102,4032,43.38688394,-124.162451,43.47551251,-124.0286208,Garibaldi,8,4
4,12,12/2/2013,49,300,35,2013,3040.307185,80,4040,42.30835667,-124.1550365,43.07744763,-124.1186592,Garibaldi,3,16
1,2152,12/12/2015,50,300,35,2015,846.3301765,99,3437,49.66489967,-124.5811026,49.99130676,-124.4082456,Astoria,6,20
5,366,12/29/2013,53,400,42,2013,942.7477383,66,1288,44.5217477,-124.7731333,45.07994818,-124.7164806,Siuslaw,9,4
5,895,12/7/2015,50,400,42,2015,3206.35915,53,1907,43.5740815,-124.9373137,44.55643788,-124.819227,Coos Bay,6,1
4,33322,1/3/2015,1,300,35,2015,495.7950056,120,509,46.43898052,-124.7290341,46.68045641,-124.5547494,Brookings,8,20
4,1504,12/31/2014,53,300,35,2014,775.9291419,61,1688,45.60804941,-124.2602271,46.29507055,-124.147863,Newport,9,18
4,13,6/3/2014,23,300,35,2014,3037.163289,52,377,46.7834863,-124.0990225,46.83907887,-124.0725948,Coos Bay,11,6
5,13,5/7/2013,19,400,42,2013,2034.468896,132,2255,49.52595858,-124.3988015,50.46263133,-124.3141892,Newport,4,8
5,290,6/15/2014,25,400,42,2014,202.3216135,65,751,46.73135631,-124.5937144,47.50301179,-124.5656764,Tillamook,7,18
2,23991,1/25/2015,5,400,50,2015,553.5119612,105,2986,47.34381406,-124.9289016,47.47653852,-124.7490732,Newport,5,3
3,12,12/18/2015,51,500,65,2015,1684.190615,102,2806,43.01763093,-124.6933438,43.97086344,-124.5295859,Coos Bay,0,15
2,235,12/12/2016,51,400,50,2016,1583.998654,93,2510,45.68818523,-124.8905515,46.41672447,-124.7669594,Garibaldi,3,6
2,180,5/12/2015,20,400,50,2015,357.613352,53,1134,46.35328142,-124.5633364,46.46131494,-124.4312598,Garibaldi,5,3
4,207,12/19/2015,51,300,35,2015,3332.633404,88,2802,43.28825856,-124.3467249,44.23619874,-124.2032572,Siuslaw,10,11
2,12351,3/27/2013,13,400,50,2013,3416.978823,117,3802,42.15841057,-124.5874805,42.64401169,-124.4575073,Garibaldi,12,14
2,599,8/25/2013,35,400,50,2013,735.4581395,84,17,44.0598745,-124.7232881,44.80849487,-124.6642667,Siuslaw,9,18
3,13,8/3/2013,31,500,65,2013,2597.787392,125,825,45.12165553,-124.0570443,46.04143222,-124.0213993,Astoria,0,19
5,12,6/26/2014,26,400,42,2014,1841.977376,103,4397,44.39056714,-124.4247516,44.43264287,-124.3893291,Astoria,9,20
4,151,12/6/2016,50,300,35,2016,2116.325106,134,3283,40.34583989,-124.7656262,40.36527717,-124.631952,Astoria,5,13
5,20707,4/5/2013,14,400,42,2013,3247.028379,84,2886,49.34295723,-124.235286,49.69319335,-124.233941,Tillamook,7,12
3,12,12/27/2015,53,500,65,2015,1189.690189,144,1904,48.12218507,-124.805439,48.64534153,-124.722017,Tillamook,7,13
1,15,12/2/2014,49,300,35,2014,2239.972339,70,4627,48.92192277,-124.597145,49.35632273,-124.4807384,Astoria,6,1
5,25,12/26/2015,52,400,42,2015,1924.723604,128,3110,47.63419805,-124.7772499,48.16626705,-124.7356673,Tillamook,6,15
2,63,12/5/2013,49,400,50,2013,1017.881437,97,802,41.57164568,-124.2045657,41.94470263,-124.0682416,Astoria,6,17
3,3222,8/7/2015,32,500,65,2015,217.3796762,93,1912,43.43130305,-124.5050666,43.4748772,-124.358642,Tillamook,10,13
2,530,1/26/2013,4,400,50,2013,1135.528736,77,2789,44.67812939,-124.7309879,44.90913041,-124.6491652,Coos Bay,10,11
4,11,6/2/2015,23,300,35,2015,707.5410552,58,3051,44.90875175,-124.3467045,45.86672859,-124.3029813,Siuslaw,11,2
3,11,12/13/2015,51,500,65,2015,167.080798,122,4469,45.67052393,-124.9457773,45.70225007,-124.8617215,Newport,6,13
1,98,12/28/2016,53,300,35,2016,1114.299525,66,4651,44.9567721,-124.0845044,45.60878438,-124.0185175,Astoria,1,1
2,4105,1/15/2014,3,400,50,2014,2092.700999,124,1728,40.44609023,-124.7343224,40.96359997,-124.5767182,Astoria,10,6
3,11,12/6/2013,49,500,65,2013,1995.908788,77,1858,40.54410071,-124.9467835,41.29005086,-124.8800264,Siuslaw,5,14
5,14,12/31/2014,53,400,42,2014,2449.026455,87,4396,48.64244662,-124.3336848,49.55988521,-124.2691187,Coos Bay,3,7
1,13,8/24/2015,35,300,35,2015,583.2201211,134,939,45.39858994,-124.5544771,46.34032908,-124.4599328,Coos Bay,9,14
1,38,12/17/2015,51,300,35,2015,1134.217725,102,254,44.61266392,-124.9110053,44.94274548,-124.8846143,Tillamook,5,11
4,2622,7/18/2015,29,300,35,2015,2449.396554,139,4424,49.40657327,-124.186038,49.65347863,-124.0144578,Newport,2,20
3,395,12/24/2016,52,500,65,2016,391.0491312,61,785,44.95870868,-124.2370664,45.59337074,-124.1961951,Coos Bay,3,14
3,11,3/15/2015,12,500,65,2015,1940.939517,146,889,43.46164839,-124.011558,43.86619748,-123.9014178,Newport,1,13
3,11,12/29/2016,53,500,65,2016,1132.499892,100,3375,48.90409623,-124.9604437,49.52288592,-124.8591999,Siuslaw,5,8
4,76,12/26/2015,52,300,35,2015,1269.142129,71,3351,45.12515722,-124.7451852,45.70210484,-124.6016468,Newport,1,1
3,33,12/30/2013,53,500,65,2013,1649.58503,138,3239,48.86661378,-124.5479651,49.18687336,-124.402081,Siuslaw,4,3
5,11,12/9/2013,50,400,42,2013,3205.596045,86,2443,49.09318891,-124.4984237,49.27486082,-124.3131078,Astoria,1,10
3,14,12/21/2015,52,500,65,2015,107.9523324,149,3487,47.02032975,-124.8058223,47.85667093,-124.6611188,Astoria,6,16
3,12,4/7/2014,15,500,65,2014,1154.341647,135,2813,48.10526829,-124.3012834,48.34870923,-124.1878745,Siuslaw,10,4
5,27,8/11/2014,33,400,42,2014,2685.776874,63,1833,45.05235593,-124.3939852,45.08647404,-124.3194604,Garibaldi,9,6
3,878,1/25/2013,4,500,65,2013,7.004159309,82,274,44.96583572,-124.1843369,45.29170891,-124.0443733,Astoria,8,12
3,114,4/26/2014,17,500,65,2014,1165.502486,85,3843,41.232523,-124.6446878,41.26285255,-124.5248515,Astoria,1,2
3,11,12/18/2015,51,500,65,2015,929.5356535,62,1034,40.63730259,-124.0499626,40.73486978,-123.9071685,Newport,8,7
3,11,12/14/2016,51,500,65,2016,2457.749623,68,3180,47.65627859,-124.450851,48.04392332,-124.2919301,Siuslaw,2,1
3,31,12/31/2013,53,500,65,2013,2079.4003,58,4326,46.44900823,-124.6269428,46.61636889,-124.5186157,Astoria,4,16
3,27,12/22/2014,52,500,65,2014,760.5756196,134,4816,45.14307755,-124.0174688,45.79473593,-123.9729375,Coos Bay,6,0
1,11,12/29/2015,53,300,35,2015,999.0300247,63,1325,44.97789573,-124.5780584,45.46431556,-124.4129927,Coos Bay,2,13
2,13,12/19/2016,52,400,50,2016,839.8036634,79,927,43.82048903,-124.3043167,44.5649501,-124.1715232,Astoria,0,0
3,11,12/19/2015,51,500,65,2015,1946.952659,64,609,48.65310797,-124.4954325,48.75704677,-124.4857112,Coos Bay,12,13
1,13,5/6/2013,19,300,35,2013,1100.62533,105,160,49.58948658,-124.1795669,49.93097111,-124.0360493,Newport,9,3
1,567,12/15/2014,51,300,35,2014,1581.634466,62,710,46.14939792,-124.365654,46.97289301,-124.3216495,Astoria,0,6
3,85,12/16/2013,51,500,65,2013,1697.310624,54,2857,47.11400239,-124.4586744,47.22329759,-124.2679577,Garibaldi,4,14
5,11,8/6/2015,32,400,42,2015,2408.019032,142,1818,42.44252802,-124.3297583,42.8261474,-124.1829954,Coos Bay,7,0.5
3,11,5/3/2013,18,500,65,2013,1163.532068,94,3183,41.67735323,-124.2857978,42.31210163,-124.2032559,Astoria,6,19
2,27,12/10/2014,50,400,50,2014,395.4525333,116,1795,41.66628025,-124.0421053,42.06453875,-123.9734774,Newport,9,1
1,25,12/27/2016,53,300,35,2016,2299.293656,140,511,40.74882896,-124.9926446,40.76375448,-124.973235,Astoria,8,13
1,11,6/16/2014,25,300,35,2014,1665.180481,118,2904,49.22788624,-124.8130844,49.88217083,-124.702937,Siuslaw,7,10
1,12,12/24/2016,52,300,35,2016,1694.827314,96,4115,41.40416575,-124.2425533,41.91379883,-124.1906096,Siuslaw,7,7
5,11,12/31/2015,53,400,42,2015,1201.273139,132,3328,42.67525256,-124.3100901,43.32870132,-124.1368554,Newport,12,19
2,11,3/1/2015,10,400,50,2015,1039.833087,91,1261,41.34583093,-124.9368227,41.38893683,-124.767034,Tillamook,1,7
2,180,12/14/2014,51,400,50,2014,2066.920147,58,969,47.65641336,-124.772201,48.13110663,-124.7256974,Tillamook,1,20
2,15,2/4/2013,6,400,50,2013,956.234968,144,4140,46.824813,-124.8436546,47.09492329,-124.7764231,Newport,6,17
5,11,4/5/2015,15,400,42,2015,2038.127064,60,4520,49.35297986,-124.1245163,50.19445527,-124.0469368,Tillamook,10,17
5,11,12/27/2013,52,400,42,2013,1058.094311,82,847,45.31518186,-124.3340889,46.28559995,-124.2049441,Tillamook,2,7
2,15,12/27/2016,53,400,50,2016,344.235641,107,2580,42.61754131,-124.2307397,43.36813988,-124.1735888,Coos Bay,3,2
5,16,12/2/2013,49,400,42,2013,2602.640707,147,1712,48.03512261,-124.8980201,48.42329535,-124.7688939,Brookings,7,8
5,11,12/7/2013,49,400,42,2013,1965.776281,53,839,42.20937859,-124.7021549,43.05999721,-124.5838346,Newport,2,3
3,12,2/17/2013,8,500,65,2013,1280.708029,114,2319,48.75039633,-124.5481482,48.88455423,-124.37208,Astoria,4,8
4,11,4/6/2013,14,300,35,2013,2233.033302,134,3269,44.91172923,-124.3753334,45.70829888,-124.2058638,Newport,8,9
1,11,12/15/2016,51,300,35,2016,752.7263363,147,2712,45.5425528,-124.5694803,46.20858107,-124.5230372,Astoria,4,6
1,164,12/9/2016,50,300,35,2016,735.3872654,115,2505,45.50997577,-124.4730571,45.61301652,-124.305973,Garibaldi,11,11
4,11,6/16/2014,25,300,35,2014,1270.17,50,312,43.61891937,-124.4057157,43.89925753,-124.2745277,Newport,0,14
3,11,3/10/2014,11,500,65,2014,1378.450823,67,3318,49.00716928,-124.0110201,49.56733151,-123.9640551,Newport,11,13
1,11,12/9/2013,50,300,35,2013,228.4223504,90,1794,42.06287296,-124.9515415,42.89245358,-124.7860869,Brookings,2,2
2,13,12/14/2013,50,400,50,2013,2125.094593,146,3469,44.21076422,-124.1797308,44.32185827,-124.0206013,Garibaldi,11,3
5,11,6/10/2015,24,400,42,2015,1949.812578,146,1059,45.00502688,-124.2980175,45.50502409,-124.1342109,Coos Bay,8,10
1,11,7/5/2015,28,300,35,2015,3016.777674,114,334,43.49485717,-124.7185466,43.72609598,-124.5938967,Coos Bay,6,3
3,12,3/12/2015,11,500,65,2015,2578.578194,130,4247,46.34671085,-124.7150037,46.79564986,-124.5672436,Siuslaw,11,12
5,11,4/3/2014,14,400,42,2014,3117.163487,95,1650,45.75647004,-124.2227165,45.89243171,-124.074844,Tillamook,1,9
3,11,2/26/2013,9,500,65,2013,3278.082028,130,1314,49.9958218,-124.2198979,50.74949485,-124.0285405,Siuslaw,11,18
4,54,7/22/2014,30,300,35,2014,2085.945978,136,2249,48.8650013,-124.6530333,49.58210815,-124.6073601,Brookings,12,14
5,11,1/13/2015,3,400,42,2015,368.5749235,97,960,47.52725459,-124.5723757,48.29851472,-124.4874925,Astoria,9,3
4,11,8/1/2014,31,300,35,2014,1708.153345,144,651,49.36958564,-124.1460632,49.6684886,-124.0642285,Siuslaw,9,18
2,11,2/9/2015,7,400,50,2015,2347.639601,133,2691,42.62951261,-124.5307678,43.42728864,-124.3946178,Garibaldi,10,2
1,11,6/2/2015,23,300,35,2015,641.5256494,110,1827,49.91031971,-124.9305504,50.5284496,-124.8133783,Siuslaw,7,9
2,11,12/6/2013,49,400,50,2013,1505.866008,148,3566,43.47264796,-124.9056349,43.94684328,-124.7320885,Garibaldi,6,9
3,11,2/19/2014,8,500,65,2014,2924.920412,125,949,48.11466334,-124.4961543,49.0105944,-124.3060067,Brookings,2,11
5,12,8/23/2014,34,400,42,2014,2022.477842,56,4808,45.58932487,-124.0395716,46.42666896,-123.9038217,Siuslaw,9,9
5,11,1/17/2014,3,400,42,2014,984.4350234,115,3352,42.18425441,-124.7100587,43.09219527,-124.6838974,Siuslaw,1,6
1,11,5/5/2013,19,300,35,2013,265.3683995,56,3702,48.87457739,-124.0285642,49.07727525,-123.8727254,Coos Bay,7,2
3,36,12/7/2016,50,500,65,2016,1511.408617,107,3700,40.52990288,-124.9976943,41.11154199,-124.8838824,Brookings,6,10
3,11,1/8/2015,2,500,65,2015,1363.125291,124,449,47.66305162,-124.4736717,47.85777495,-124.3469325,Coos Bay,10,20
5,11,7/16/2014,29,400,42,2014,1350.332766,65,454,46.08775255,-124.180778,46.18660064,-124.1147578,Siuslaw,6,3
3,11,3/8/2013,10,500,65,2013,1558.086721,128,992,45.13389479,-124.0815866,45.39231582,-123.9719781,Garibaldi,4,4
4,11,3/8/2014,10,300,35,2014,1253.864115,149,2920,47.86587567,-124.4900366,48.71405166,-124.3187607,Astoria,12,15
3,11,7/11/2013,28,500,65,2013,2494.123917,81,3056,41.46285365,-124.1260318,41.87095048,-124.1159387,Siuslaw,10,19
3,11,4/22/2014,17,500,65,2014,2286.133307,135,2473,40.65344187,-124.9433676,40.73146024,-124.8491016,Astoria,2,4
5,12,2/14/2014,7,400,42,2014,109.7018308,116,1454,48.02309356,-124.5221601,48.6499784,-124.3436615,Astoria,1,15
3,11,8/26/2013,35,500,65,2013,1866.388971,77,3481,49.62800675,-124.5735842,49.91230253,-124.3929942,Coos Bay,9,7
3,11,4/14/2015,16,500,65,2015,102.3427482,88,787,49.96319174,-124.1899692,50.48840765,-124.1849181,Newport,2,4
2,17,12/7/2014,50,400,50,2014,1679.283269,103,120,46.42375566,-124.7115859,47.07817137,-124.5897417,Garibaldi,3,12
1,11,12/1/2013,49,300,35,2013,3390.752122,126,798,46.91419103,-124.6313377,47.1434779,-124.4697228,Newport,8,20
3,11,12/5/2015,49,500,65,2015,1039.409428,58,535,40.07693988,-124.3855932,40.3993259,-124.349067,Newport,11,9
3,11,12/8/2013,50,500,65,2013,1080.573874,102,3236,49.92334552,-124.1727401,50.60533518,-124.0667954,Garibaldi,7,0
5,11,12/30/2014,53,400,42,2014,2600.040857,125,2448,47.06269174,-124.912405,47.23899769,-124.794207,Garibaldi,10,15
1,11,12/16/2014,51,300,35,2014,747.5565677,61,4881,42.80361284,-124.2131044,43.76410248,-124.0772874,Astoria,4,11
1,11,8/28/2015,35,300,35,2015,448.3043939,130,410,42.02236931,-124.6839528,42.2099399,-124.6225258,Siuslaw,12,12
4,11,12/12/2016,51,300,35,2016,2321.321082,135,2809,49.57129217,-124.0978148,50.22340796,-124.0930665,Coos Bay,1,11
3,11,12/10/2016,50,500,65,2016,2616.128776,93,508,46.01136204,-124.8807825,46.27757037,-124.7693607,Coos Bay,11,20
2,11,12/27/2013,52,400,50,2013,1270.829861,95,999,40.75228605,-124.634998,41.33624455,-124.4794343,Brookings,12,8
4,17,12/30/2016,53,300,35,2016,2229.653393,63,1223,48.00633655,-124.9290216,48.72238407,-124.8274536,Newport,8,4
1,11,1/4/2014,1,300,35,2014,2339.982883,89,2754,44.68775234,-124.8472696,45.6853237,-124.6526636,Tillamook,11,14
1,11,2/4/2013,6,300,35,2013,94.43254911,122,4305,47.49580992,-124.6773703,48.34706882,-124.6170045,Astoria,4,7
1,11,12/11/2014,50,300,35,2014,2716.898448,120,989,45.24244029,-124.6645583,45.4178323,-124.6510235,Astoria,9,8
1,11,2/13/2013,7,300,35,2013,30.53189086,54,2092,41.08945217,-124.1950133,41.54951963,-124.0641513,Newport,0,9
1,11,7/10/2014,28,300,35,2014,3371.284303,94,4121,43.45516294,-124.8777703,43.87545319,-124.6917765,Brookings,4,2
4,11,12/24/2013,52,300,35,2013,898.2000358,68,1140,49.87344924,-124.6107693,50.33902102,-124.5535699,Siuslaw,3,4
1,11,7/8/2014,28,300,35,2014,409.9020087,86,3011,40.26363962,-124.1946137,40.56656419,-124.0605797,Garibaldi,9,2
1,11,12/28/2013,52,300,35,2013,2994.115308,74,4162,44.9260418,-124.5365194,45.14852141,-124.506287,Siuslaw,2,0.8
3,11,1/27/2014,5,500,65,2014,777.6852283,138,2622,49.57384708,-124.1516747,50.33247353,-124.0012255,Siuslaw,9,12
5,15,12/29/2016,53,400,42,2016,1561.098636,84,4631,48.51408984,-124.8075922,48.91971946,-124.7200342,Garibaldi,12,19
1,11,12/24/2013,52,300,35,2013,1386.841387,147,2108,45.51135521,-124.8933504,46.48538573,-124.7891784,Astoria,0,4
5,11,7/18/2013,29,400,42,2013,2107.251042,96,2723,48.42768159,-124.5063595,48.5102509,-124.4405889,Brookings,11,14
4,11,4/2/2014,14,300,35,2014,1068.731362,131,4107,44.22895505,-124.3028803,44.81227977,-124.1752949,Tillamook,1,7
2,11,12/23/2013,52,400,50,2013,1947.19767,148,3416,49.55156411,-124.0845624,50.31843116,-123.9513746,Siuslaw,8,9
1,11,12/31/2013,53,300,35,2013,746.8329116,73,1679,40.93326654,-124.583522,41.48086537,-124.5050972,Newport,1,14
5,11,4/27/2013,17,400,42,2013,1176.855469,127,1089,43.12442669,-124.6411254,43.2015465,-124.6208235,Tillamook,2,14
2,11,5/13/2014,20,400,50,2014,2574.886743,107,4555,44.56235422,-124.7749445,44.94044442,-124.7703042,Brookings,0,1
3,11,12/20/2015,52,500,65,2015,758.294947,51,2008,43.5373174,-124.4914393,44.43578067,-124.364295,Astoria,12,0.6
2,11,12/25/2015,52,400,50,2015,2976.860085,130,3917,49.86227571,-124.725976,50.85326551,-124.6131022,Siuslaw,1,14
2,14,12/27/2013,52,400,50,2013,2546.337131,53,3968,47.20082907,-124.0546652,47.21810486,-123.9881612,Brookings,12,11
3,11,8/24/2013,34,500,65,2013,1421.182961,71,2096,41.8833056,-124.3028763,42.12640055,-124.142663,Coos Bay,8,2
1,11,1/13/2013,3,300,35,2013,1609.133728,52,57,43.57396251,-124.3053,44.25509692,-124.1835473,Newport,3,12
3,11,12/30/2014,53,500,65,2014,3401.187223,136,2508,42.01724693,-124.9880863,42.08601119,-124.982299,Garibaldi,5,13
2,11,8/1/2015,31,400,50,2015,1559.303657,142,1817,41.64626376,-124.6357275,42.53502776,-124.5988594,Newport,8,0.4
4,11,12/12/2016,51,300,35,2016,2623.047311,145,2359,46.98921276,-124.0423233,47.88116376,-123.8532612,Siuslaw,8,0.6
5,11,1/14/2014,3,400,42,2014,89.02994146,74,3017,48.62207356,-124.8408653,49.03028585,-124.7463224,Tillamook,8,8
4,11,12/8/2013,50,300,35,2013,505.9812901,113,4238,42.67237643,-124.0436356,43.19833269,-123.9176345,Garibaldi,9,13
5,11,8/4/2014,32,400,42,2014,1453.594173,140,2220,47.38611151,-124.0674512,47.65477996,-123.9982362,Garibaldi,8,1
5,11,12/8/2016,50,400,42,2016,1961.405072,70,989,47.05434993,-124.1716199,47.64157491,-124.1331058,Coos Bay,7,20
2,14,12/19/2013,51,400,50,2013,1588.525055,138,2189,41.59151024,-124.9136929,42.5751897,-124.9063118,Newport,1,12
5,11,12/25/2016,53,400,42,2016,1921.0263,119,4655,47.63053778,-124.4731971,47.91822586,-124.4225503,Astoria,9,14
2,11,12/24/2014,52,400,50,2014,1218.169212,98,4411,40.90007807,-124.4492604,41.52088246,-124.3319188,Newport,5,19
2,11,7/1/2015,27,400,50,2015,2460.516198,131,4152,45.42820263,-124.0626801,45.93311743,-123.9006357,Tillamook,8,12
3,11,12/7/2016,50,500,65,2016,1733.617417,113,2718,44.22207136,-124.3984651,45.03567725,-124.3018914,Garibaldi,9,20
3,11,2/2/2013,5,500,65,2013,3130.466441,127,2095,49.11521708,-124.9713097,49.46000363,-124.8594613,Brookings,12,5
2,11,1/9/2014,2,400,50,2014,767.5529286,115,223,47.89397557,-124.5236274,48.53170723,-124.432887,Garibaldi,11,18
2,11,12/28/2015,53,400,50,2015,2856.896444,97,4278,40.62623764,-124.1447901,41.14870769,-124.116926,Newport,3,18
2,11,4/18/2013,16,400,50,2013,1252.804518,128,4570,45.43039141,-124.682739,45.78251324,-124.5036397,Siuslaw,4,15
1,11,12/16/2013,51,300,35,2013,2883.367129,50,2190,42.61831878,-124.6802175,43.22056218,-124.6408614,Coos Bay,7,7
3,14,7/8/2013,28,500,65,2013,992.2184415,95,3309,41.72191045,-124.1627951,41.76140226,-124.058029,Coos Bay,5,20
5,11,12/5/2015,49,400,42,2015,1430.128153,76,1024,44.49648279,-124.9244057,45.07139051,-124.7501918,Astoria,2,16
5,11,12/25/2015,52,400,42,2015,2859.06696,105,1461,44.94833309,-124.4815721,45.80309105,-124.3237961,Tillamook,9,5
4,11,12/27/2015,53,300,35,2015,800.9086417,61,3273,47.76652453,-124.971011,47.96110535,-124.9024641,Coos Bay,11,0.9
4,11,3/27/2013,13,300,35,2013,2295.104894,74,3392,44.260787,-124.6106729,44.57136316,-124.586025,Tillamook,0,6
3,11,1/5/2014,2,500,65,2014,2011.41114,130,1589,45.8104405,-124.039921,46.00795609,-123.9050863,Siuslaw,9,16
5,11,12/19/2013,51,400,42,2013,2070.814342,116,4543,44.47054815,-124.8703578,44.72600763,-124.8460501,Astoria,1,7
3,11,12/16/2016,51,500,65,2016,667.0309434,58,642,49.77035916,-124.4730095,50.08877509,-124.4411174,Brookings,9,18
1,11,12/27/2015,53,300,35,2015,323.4970979,76,4592,46.49992721,-124.0633738,46.62589845,-123.9011758,Brookings,8,11
1,11,7/4/2013,27,300,35,2013,3088.011002,70,533,45.84449819,-124.2243785,46.08740968,-124.0940895,Siuslaw,2,18
2,14,12/10/2014,50,400,50,2014,2753.892086,57,2253,47.6825412,-124.0524334,48.4851995,-124.0447735,Coos Bay,7,17
1,11,4/13/2014,16,300,35,2014,768.0963918,109,2359,46.63929948,-124.2210788,47.0140019,-124.0229378,Garibaldi,7,17
5,11,1/19/2014,4,400,42,2014,3259.08161,117,1244,45.50231934,-124.1160849,46.44280161,-123.9245297,Siuslaw,5,4
5,11,12/27/2016,53,400,42,2016,107.876667,59,560,41.37419308,-124.5512259,41.53091619,-124.4151408,Tillamook,0,15
4,11,12/4/2013,49,300,35,2013,3421.546939,135,1677,48.67372697,-124.62585,49.26197014,-124.5852901,Newport,1,20
2,11,12/29/2013,53,400,50,2013,2432.482087,79,108,48.68539401,-124.956425,49.52793129,-124.8750305,Coos Bay,8,6
3,11,12/29/2016,53,500,65,2016,2354.654883,57,3096,44.96623448,-124.1219485,45.71935215,-124.1035375,Astoria,6,5
5,11,2/9/2013,6,400,42,2013,603.7750369,86,1786,40.01283054,-124.5858009,40.61060239,-124.4161509,Garibaldi,2,5
2,11,1/12/2015,3,400,50,2015,2764.754962,145,1100,48.59872936,-124.7819792,48.89333484,-124.7192041,Tillamook,3,14
2,11,8/12/2015,33,400,50,2015,1061.558993,134,4518,48.41891884,-124.0840344,48.84661199,-123.8855798,Astoria,4,11
5,11,12/20/2016,52,400,42,2016,2904.15187,146,934,44.08298567,-124.0620474,44.29823983,-123.9187296,Garibaldi,4,8
2,11,7/28/2015,31,400,50,2015,1294.578775,69,3673,41.70127361,-124.3823245,42.63624728,-124.3555873,Coos Bay,5,6
2,11,12/7/2016,50,400,50,2016,146.5719378,50,3716,47.99872028,-124.5201566,48.46387113,-124.3654679,Siuslaw,10,19
5,11,12/11/2015,50,400,42,2015,648.0848246,147,762,42.96139766,-124.5949881,43.96070424,-124.553685,Tillamook,11,13
3,11,7/1/2014,27,500,65,2014,1466.147022,54,691,47.98247912,-124.6863334,48.09823152,-124.4930318,Siuslaw,12,19
2,11,12/2/2014,49,400,50,2014,2320.411089,98,41,40.01148171,-124.5756055,40.76129908,-124.5186783,Coos Bay,6,11
1,11,4/11/2013,15,300,35,2013,2510.393962,131,4748,45.20485794,-124.8986562,46.10615803,-124.8718331,Astoria,0,14
2,11,12/31/2014,53,400,50,2014,3279.553133,82,4301,47.39412485,-124.5824842,48.26816532,-124.5794051,Brookings,10,15
2,11,7/5/2013,27,400,50,2013,2646.675351,131,3784,49.06053462,-124.6722739,49.24160129,-124.6499182,Coos Bay,10,14
2,11,12/3/2014,49,400,50,2014,607.0067638,64,373,43.04063671,-124.8569989,43.81378347,-124.8290278,Tillamook,4,0.2
2,11,12/25/2013,52,400,50,2013,2530.56937,129,2888,48.08828793,-124.2210315,48.49738012,-124.022368,Garibaldi,3,11
4,11,12/16/2015,51,300,35,2015,2269.074614,57,2898,40.89168306,-124.0095597,41.81873074,-123.9719917,Brookings,2,9
5,11,12/15/2013,51,400,42,2013,1427.764637,106,2703,42.73915035,-124.5034008,43.67285407,-124.4389174,Brookings,2,0.1
4,11,12/31/2013,53,300,35,2013,1448.513579,87,474,42.42305893,-124.7637261,42.52110226,-124.6743801,Garibaldi,0,2
2,11,8/11/2013,33,400,50,2013,3234.082867,134,2607,44.14614673,-124.9811617,44.77514442,-124.8118434,Newport,1,18
2,11,6/1/2014,23,400,50,2014,2204.644823,93,947,49.80727103,-124.4328917,50.13537221,-124.3524641,Astoria,11,11
4,11,7/20/2014,30,300,35,2014,1466.052878,50,4001,44.6397359,-124.4491311,45.54421383,-124.3645515,Astoria,6,16
5,11,12/26/2015,52,400,42,2015,2916.691766,79,4695,44.50986957,-124.5621436,45.34586068,-124.4688833,Newport,11,20
2,11,12/18/2014,51,400,50,2014,199.8984645,86,2375,44.10002954,-124.1232765,44.14018172,-124.0216244,Coos Bay,2,10
5,11,12/7/2013,49,400,42,2013,1502.624985,127,3008,46.512175,-124.0107181,46.66958511,-123.8926844,Garibaldi,0,13
4,11,12/28/2013,52,300,35,2013,455.052351,50,4934,44.70943504,-124.0316252,44.76050491,-123.970688,Siuslaw,10,0.5
3,11,4/11/2015,15,500,65,2015,2134.992361,66,4033,45.41733714,-124.6111516,45.94033916,-124.4877404,Garibaldi,8,2
2,11,5/12/2015,20,400,50,2015,1541.856797,137,4530,48.08658931,-124.6447412,48.51223469,-124.4954291,Coos Bay,1,7
1,11,12/26/2013,52,300,35,2013,2399.91025,53,590,44.66247024,-124.9615542,44.72013823,-124.9291656,Tillamook,3,3
3,11,4/23/2013,17,500,65,2013,2035.691718,135,2351,48.17663825,-124.1854694,48.45659191,-124.019636,Garibaldi,6,20
1,11,3/3/2015,10,300,35,2015,584.3155446,115,4003,44.04312986,-124.6278193,44.27634234,-124.5638878,Siuslaw,9,5
3,11,7/21/2015,30,500,65,2015,440.6693409,92,4060,43.92788239,-124.188817,44.62087734,-124.1841456,Siuslaw,0,1
1,11,2/10/2015,7,300,35,2015,1076.299076,120,810,41.87191134,-124.1031613,41.89907989,-123.9408162,Garibaldi,0,5
5,11,7/2/2013,27,400,42,2013,836.994679,79,154,46.67135078,-124.4916848,47.29707143,-124.3288883,Astoria,4,13
5,11,5/1/2014,18,400,42,2014,1703.291344,92,2199,44.63206579,-124.3336507,45.48904356,-124.271742,Coos Bay,11,16
5,11,12/24/2014,52,400,42,2014,1071.686599,117,4737,49.26058122,-124.2495224,49.84643341,-124.1096085,Astoria,1,9
2,11,6/13/2015,24,400,50,2015,530.493738,61,2984,47.31875072,-124.0500244,47.68780203,-124.0302029,Brookings,7,11
3,11,6/6/2015,23,500,65,2015,971.3096711,128,3075,47.12774745,-124.3197958,47.60213163,-124.2515807,Siuslaw,2,17
5,11,5/18/2013,20,400,42,2013,512.7950777,124,315,46.90547456,-124.4348372,47.51342363,-124.4250696,Coos Bay,2,18
1,11,8/9/2014,32,300,35,2014,1111.343265,103,661,40.96287367,-124.8901537,41.69405731,-124.6906393,Garibaldi,11,17
3,11,12/15/2015,51,500,65,2015,788.4501498,129,1385,40.2527128,-124.7652425,40.31902342,-124.5829961,Coos Bay,2,17
1,11,5/4/2015,19,300,35,2015,1182.87565,92,2477,44.82265592,-124.958572,45.33690389,-124.8041412,Brookings,10,4
4,11,12/28/2016,53,300,35,2016,1287.923989,57,430,42.85533401,-124.5582133,42.99590301,-124.4558811,Tillamook,5,4
3,11,8/14/2013,33,500,65,2013,447.7585258,122,3538,42.6380009,-124.307831,43.42076918,-124.1080563,Newport,6,17
2,11,5/26/2015,22,400,50,2015,3011.964487,73,1974,40.69920617,-124.3362699,41.28339916,-124.3152763,Newport,8,0
1,11,12/28/2014,53,300,35,2014,2267.281274,52,2316,43.62042612,-124.4985029,43.81981147,-124.4203184,Tillamook,7,19
2,11,2/11/2015,7,400,50,2015,3079.932657,132,233,48.26758636,-124.8579336,48.75341561,-124.8066283,Tillamook,1,15
4,11,6/20/2014,25,300,35,2014,1098.947871,118,1823,41.31139954,-124.7762892,41.66238986,-124.6731772,Garibaldi,11,13
3,11,12/27/2013,52,500,65,2013,1663.445709,96,1673,47.20100165,-124.7140354,47.58246678,-124.5817724,Newport,3,20
4,11,6/16/2014,25,300,35,2014,3436.853305,99,3508,43.63769368,-124.0579414,43.78377858,-124.0133804,Garibaldi,5,9
1,11,2/22/2015,9,300,35,2015,1232.59824,90,2500,45.14994611,-124.3184469,45.18140727,-124.2491289,Tillamook,6,7
5,11,12/25/2013,52,400,42,2013,1554.499147,50,256,41.15693132,-124.4800874,41.65497229,-124.374466,Tillamook,12,4
5,11,5/9/2015,19,400,42,2015,500.1668547,96,555,46.34847497,-124.0258496,46.52947384,-123.8396374,Garibaldi,6,15
1,11,2/26/2014,9,300,35,2014,1782.298786,103,731,43.3995999,-124.6040683,44.31381685,-124.5000604,Brookings,2,0.6
4,11,12/5/2014,49,300,35,2014,2081.953568,110,3409,44.34622829,-124.8875092,45.24687766,-124.8626744,Astoria,8,19
3,11,3/25/2015,13,500,65,2015,48.80599819,56,3265,49.52610689,-124.7324499,49.93847022,-124.5493669,Tillamook,10,6
2,11,12/25/2013,52,400,50,2013,2950.136944,74,4978,47.77670077,-124.2684767,48.01772677,-124.2110606,Newport,2,19
5,11,7/22/2013,30,400,42,2013,1632.367093,122,3999,47.29897877,-124.160924,47.92091626,-123.9952806,Astoria,10,2
3,11,7/19/2014,29,500,65,2014,1912.43237,97,748,43.79475942,-124.499847,43.9936592,-124.3720807,Newport,3,0.2
4,11,8/15/2013,33,300,35,2013,2100.576974,136,1209,43.51896088,-124.2967716,43.72739705,-124.1965176,Siuslaw,12,3
4,11,2/14/2013,7,300,35,2013,702.1224165,149,4015,49.40822198,-124.778158,50.31560545,-124.6319393,Garibaldi,8,3
1,11,3/23/2014,13,300,35,2014,3349.126989,115,308,46.49170003,-124.6218079,47.16444511,-124.5297803,Astoria,6,11
5,11,6/24/2013,26,400,42,2013,665.262986,71,3346,46.46322566,-124.7407695,46.74991372,-124.6880644,Astoria,4,16
4,11,12/4/2015,49,300,35,2015,1803.763769,141,4733,47.60919404,-124.5874423,47.7106517,-124.5456819,Coos Bay,7,4
1,11,6/10/2013,24,300,35,2013,1888.418089,62,72,46.42948831,-124.5755169,47.40320836,-124.4468048,Newport,10,12
4,11,3/17/2014,12,300,35,2014,2285.91882,97,1655,43.14384737,-124.3000491,43.82617115,-124.2750484,Tillamook,10,4
2,11,12/5/2015,49,400,50,2015,625.3593084,126,3811,47.97243186,-124.997625,48.73135843,-124.8096369,Brookings,11,11
3,11,12/7/2013,49,500,65,2013,2019.74241,82,4325,48.83207419,-124.4120838,48.87704276,-124.3450223,Tillamook,0,14
1,11,12/17/2016,51,300,35,2016,554.7119368,72,1168,47.15290609,-124.2921255,47.31216992,-124.214748,Garibaldi,6,13
1,11,6/2/2014,23,300,35,2014,1409.270772,105,4429,45.05094383,-124.2337503,45.76391249,-124.0811872,Coos Bay,11,10
1,11,12/21/2013,51,300,35,2013,1464.868044,68,1647,46.65111259,-124.3615831,47.40531093,-124.3154587,Tillamook,10,11
4,11,12/4/2016,50,300,35,2016,51.94338906,82,4133,47.12582258,-124.0057654,47.37596187,-123.8386241,Brookings,5,12
5,11,12/27/2014,52,400,42,2014,1337.065303,101,2861,45.49033546,-124.722663,46.41410226,-124.715026,Newport,12,7
5,11,4/19/2015,17,400,42,2015,2952.543856,143,4181,43.11585782,-124.4402531,43.51830501,-124.2457582,Astoria,1,11
1,11,8/25/2015,35,300,35,2015,1189.702541,79,1122,48.41280044,-124.3579697,49.37029514,-124.2090758,Siuslaw,4,8
5,11,6/7/2013,23,400,42,2013,255.5927928,105,351,47.43993238,-124.8137435,48.31269914,-124.651656,Coos Bay,7,5
3,11,4/19/2014,16,500,65,2014,362.0930066,72,4366,41.49683261,-124.0369302,41.80239733,-124.0060585,Astoria,3,2
5,11,2/5/2014,6,400,42,2014,1625.735741,65,1094,41.96934374,-124.5345003,42.2486863,-124.353163,Newport,9,8
5,11,2/3/2014,6,400,42,2014,1882.596854,113,1740,46.76129631,-124.1391412,47.49225145,-123.9577254,Siuslaw,4,0.1
1,11,1/19/2014,4,300,35,2014,2799.469374,81,3506,44.52760192,-124.7734339,45.27028821,-124.6502251,Coos Bay,8,11
4,11,12/2/2014,49,300,35,2014,1059.741123,114,3087,41.54354204,-124.4286128,41.94878418,-124.4013132,Newport,6,6
5,11,5/20/2014,21,400,42,2014,733.9634283,52,4614,49.34720298,-124.9832607,49.93788403,-124.9433121,Garibaldi,1,3
5,11,7/17/2015,29,400,42,2015,2927.278551,78,3889,44.52871635,-124.7891323,45.10080213,-124.7198409,Garibaldi,2,11
4,11,7/23/2014,30,300,35,2014,2383.296044,86,514,44.88432508,-124.8740531,45.08853935,-124.7070264,Newport,8,17
4,11,2/9/2015,7,300,35,2015,482.0090709,76,1763,41.42959586,-124.6553899,42.08589785,-124.4854372,Newport,10,9
4,11,12/18/2013,51,300,35,2013,623.915484,112,4481,40.85432609,-124.6477147,41.17929262,-124.5983408,Brookings,3,13
3,11,12/19/2013,51,500,65,2013,3351.058444,84,2260,44.43842282,-124.9160433,45.43209912,-124.9075789,Astoria,6,20
1,11,12/27/2016,53,300,35,2016,846.9118458,131,4323,42.46000172,-124.021748,42.79890969,-123.8539612,Newport,12,6
5,11,12/7/2014,50,400,42,2014,927.0057507,85,3910,49.5884686,-124.4634159,50.17633135,-124.323755,Astoria,4,15
2,11,12/29/2014,53,400,50,2014,1933.263725,109,3909,47.73302452,-124.4264923,48.70122013,-124.3799944,Tillamook,5,16
3,11,7/13/2015,29,500,65,2015,1867.029985,76,3119,43.06301836,-124.9756727,43.53121079,-124.887051,Astoria,3,6
5,11,12/19/2016,52,400,42,2016,2533.39804,90,3395,40.59152772,-124.5024317,40.78984316,-124.3472808,Brookings,11,12
3,11,12/23/2015,52,500,65,2015,810.1897411,138,2126,40.91012656,-124.9343351,41.62983793,-124.8016209,Brookings,12,11
3,11,8/14/2013,33,500,65,2013,2784.196268,77,4963,49.44222471,-124.5856359,50.0237773,-124.5816792,Siuslaw,4,5
5,11,6/9/2015,24,400,42,2015,2356.718537,93,217,49.44876408,-124.6296881,50.43145922,-124.4632114,Newport,3,14
2,11,1/17/2013,3,400,50,2013,2694.946719,124,4539,42.75760889,-124.1297695,43.62485561,-123.9965132,Brookings,7,1
2,11,6/13/2014,24,400,50,2014,1225.3107,80,28,42.59326993,-124.9072109,42.72438073,-124.8627035,Brookings,9,6
4,11,6/1/2015,23,300,35,2015,977.5715263,98,952,40.11038948,-124.7543842,40.49766638,-124.7543266,Garibaldi,4,7
1,11,7/11/2014,28,300,35,2014,3334.801722,114,4079,42.96296019,-124.2483786,42.9803657,-124.0835283,Tillamook,9,17
5,11,12/21/2014,52,400,42,2014,2702.982272,123,3286,41.92677044,-124.4227483,42.8964626,-124.3255333,Brookings,5,14
2,11,12/9/2013,50,400,50,2013,105.4257498,50,1923,41.16362208,-124.0637191,41.36255353,-123.9211604,Newport,3,20
1,11,12/14/2013,50,300,35,2013,2317.218706,62,24,49.81315802,-124.4946909,50.31925342,-124.3585516,Astoria,1,13
5,11,6/2/2015,23,400,42,2015,2830.331894,138,1130,43.58995527,-124.1184484,44.30765824,-123.9586188,Brookings,5,0.5
1,11,8/8/2014,32,300,35,2014,348.7321063,106,4071,47.47145618,-124.5937334,47.78234372,-124.4111452,Coos Bay,12,1
1,11,12/24/2015,52,300,35,2015,1320.397619,52,270,40.85113689,-124.3549373,41.75982973,-124.2561247,Siuslaw,2,8
4,11,12/4/2016,50,300,35,2016,1321.581969,54,366,47.20071689,-124.1598228,47.79108797,-124.0184688,Garibaldi,1,1
5,11,1/11/2014,2,400,42,2014,1753.612629,80,636,46.09571995,-124.8474712,46.95946103,-124.704044,Newport,10,10
1,11,3/6/2015,10,300,35,2015,1016.608144,58,546,40.83425526,-124.3213014,41.76364902,-124.1702069,Tillamook,12,9
1,11,4/22/2014,17,300,35,2014,2161.366327,61,637,47.35919542,-124.4323006,48.04507135,-124.3042438,Brookings,5,20
1,11,3/18/2013,12,300,35,2013,725.7930587,111,878,49.82897419,-124.7991726,50.79457073,-124.7691278,Brookings,2,11
3,11,2/3/2015,6,500,65,2015,1748.684493,147,40,46.52549926,-124.4976046,46.85261933,-124.4345048,Brookings,9,14
3,11,2/12/2013,7,500,65,2013,527.3502137,125,4872,41.20714758,-124.1071547,41.34101229,-124.0342856,Tillamook,1,18
2,11,5/8/2013,19,400,50,2013,355.984173,88,3134,43.77136943,-124.9344541,43.99462924,-124.8497566,Siuslaw,4,19
3,11,7/24/2013,30,500,65,2013,2931.21732,115,3299,46.18278913,-124.3871266,46.26146291,-124.2843596,Siuslaw,9,19
5,11,12/9/2014,50,400,42,2014,537.1440163,118,1000,47.03700021,-124.580626,47.6889615,-124.4638451,Tillamook,0,11
5,11,12/15/2015,51,400,42,2015,1500.789585,53,4712,40.82908182,-124.2052131,41.6239519,-124.1160764,Siuslaw,11,5
4,11,6/10/2015,24,300,35,2015,678.9558706,50,3295,41.2510613,-124.8066566,41.84160572,-124.7445337,Brookings,7,18
2,11,12/10/2015,50,400,50,2015,1003.320271,129,1605,43.97060074,-124.4325871,44.33302833,-124.3459774,Siuslaw,0,3
1,11,12/11/2015,50,300,35,2015,440.3242519,99,2762,45.90433806,-124.5288358,45.95522067,-124.4233906,Tillamook,2,16
1,11,5/22/2014,21,300,35,2014,885.1817581,89,2300,45.43667472,-124.7344968,45.75735104,-124.617337,Garibaldi,6,1
3,11,12/17/2013,51,500,65,2013,2574.598763,129,1325,47.28043847,-124.5854776,47.71833179,-124.5514413,Coos Bay,5,5
2,11,6/25/2013,26,400,50,2013,2670.819428,104,1201,47.76231316,-124.3994878,48.44439677,-124.3166761,Tillamook,9,12
4,11,12/11/2016,51,300,35,2016,2806.087951,124,4603,40.37443571,-124.3802357,41.04711804,-124.3243405,Coos Bay,10,18
1,11,1/11/2014,2,300,35,2014,844.4029607,77,3262,47.24456579,-124.6360234,47.29197958,-124.4947112,Coos Bay,0,15
3,11,3/8/2015,11,500,65,2015,2915.613155,83,4154,45.7046432,-124.5550184,46.23106553,-124.4961535,Siuslaw,8,17
5,11,12/30/2016,53,400,42,2016,464.8691184,117,445,42.00912845,-124.8363025,42.28117419,-124.7482548,Siuslaw,0,9
2,11,6/28/2015,27,400,50,2015,722.4871574,101,77,46.5460782,-124.689692,47.48828019,-124.6841324,Coos Bay,10,15
2,11,12/23/2016,52,400,50,2016,1828.283233,135,4206,43.57929588,-124.9321501,44.40898214,-124.7526397,Coos Bay,2,18
1,11,2/17/2013,8,300,35,2013,2513.786449,120,2793,44.77404121,-124.4276872,45.05250311,-124.2412281,Astoria,12,14
5,11,1/13/2013,3,400,42,2013,1600.433635,111,3543,42.1977541,-124.9214988,42.98216556,-124.9143101,Coos Bay,1,0.5
5,11,12/18/2014,51,400,42,2014,3178.628363,81,3936,47.90381496,-124.8356792,48.70712579,-124.6931345,Newport,8,1
4,11,12/6/2015,50,300,35,2015,1708.245285,116,35,48.30991765,-124.3202816,48.84912474,-124.2581564,Tillamook,7,20
3,11,12/17/2014,51,500,65,2014,2185.540558,85,4081,44.59863856,-124.4599358,45.46826282,-124.3579282,Garibaldi,12,19
2,11,6/4/2013,23,400,50,2013,3286.606656,102,3841,48.4415706,-124.3604308,49.2460535,-124.1799131,Newport,9,14
4,11,12/21/2014,52,300,35,2014,2791.760925,125,2995,47.51080017,-124.0791947,48.18517586,-124.031082,Siuslaw,0,17
3,11,12/28/2014,53,500,65,2014,3053.943647,136,2006,48.56167408,-124.193936,49.10115899,-124.1193589,Tillamook,0,2
5,11,7/7/2015,28,400,42,2015,1240.954331,116,2406,49.8120719,-124.3684692,50.17195474,-124.1892742,Newport,10,8
3,11,12/7/2016,50,500,65,2016,1489.903469,105,2822,46.75472267,-124.153685,47.04388815,-123.9608302,Coos Bay,12,12
2,11,5/26/2015,22,400,50,2015,1244.543467,67,476,41.94272128,-124.0489097,42.75530766,-123.9945016,Tillamook,5,12
1,11,12/24/2015,52,300,35,2015,503.3035781,85,1893,40.86870671,-124.8622087,41.37361169,-124.8063733,Coos Bay,4,13
5,11,5/18/2015,21,400,42,2015,2164.371315,136,34,46.48124249,-124.1920366,47.43027867,-124.009726,Astoria,7,12
3,11,7/14/2014,29,500,65,2014,725.3797647,84,113,44.28253837,-124.9732957,44.35198921,-124.8101114,Tillamook,8,5
2,11,12/6/2015,50,400,50,2015,997.5065881,84,1490,40.74770352,-124.113247,41.37959425,-124.1000633,Tillamook,7,11
1,11,1/17/2015,3,300,35,2015,3273.068743,119,920,49.75126118,-124.9036829,50.07400796,-124.8399334,Brookings,11,18
5,11,12/2/2013,49,400,42,2013,2942.168139,121,3767,49.13409392,-124.3210329,49.35049879,-124.2464798,Coos Bay,11,4
3,11,6/27/2015,26,500,65,2015,3063.291438,91,3745,43.33534883,-124.7916283,44.00665823,-124.7554878,Newport,5,12
3,11,12/16/2013,51,500,65,2013,977.424461,84,4307,42.54413144,-124.3796491,43.07033377,-124.3094504,Newport,10,8
3,11,12/12/2013,50,500,65,2013,1297.792108,78,4659,46.39104418,-124.4143163,47.32358278,-124.2501146,Astoria,0,19
4,11,5/27/2013,22,300,35,2013,2020.741944,105,3493,47.38903587,-124.6964093,48.28482997,-124.6301591,Coos Bay,6,16
3,11,4/23/2013,17,500,65,2013,3339.849507,63,7,41.5549533,-124.8474268,42.41104837,-124.8357795,Brookings,1,13
3,11,12/31/2016,53,500,65,2016,3171.492662,132,4159,43.92240667,-124.4163455,44.76788864,-124.2175461,Siuslaw,5,9
4,11,5/10/2015,20,300,35,2015,324.2751168,132,3441,46.54528851,-124.593677,47.51577017,-124.5836294,Newport,0,6
5,11,2/8/2014,6,400,42,2014,1680.132474,62,1283,44.36622063,-124.1411797,44.69451562,-124.042665,Brookings,7,10
3,11,12/28/2013,52,500,65,2013,1166.283332,68,344,40.95514763,-124.9056302,41.38829784,-124.9008453,Garibaldi,12,8
2,11,12/30/2014,53,400,50,2014,309.1395733,133,4778,43.25606636,-124.2436122,44.23557983,-124.1139636,Brookings,7,20
2,11,12/28/2015,53,400,50,2015,671.750571,53,2492,46.94072782,-124.0323215,47.46779055,-123.9867559,Brookings,9,4
2,11,12/9/2015,50,400,50,2015,1484.424431,141,4438,45.80921567,-124.1285165,46.75225704,-123.9470279,Garibaldi,2,14
3,11,12/5/2015,49,500,65,2015,1177.318722,54,1912,40.07913854,-124.3430864,40.89244481,-124.3341905,Newport,5,15
2,11,12/16/2013,51,400,50,2013,1906.309101,121,2495,48.89724056,-124.8152633,49.56945083,-124.7010429,Astoria,12,1
3,11,12/19/2014,51,500,65,2014,438.0314393,148,4741,48.52790039,-124.98045,48.6023439,-124.9623156,Garibaldi,0,13
4,11,12/16/2016,51,300,35,2016,399.0734296,148,2422,43.72344351,-124.4149385,44.21013668,-124.2650036,Tillamook,8,17
2,11,7/7/2013,28,400,50,2013,1834.778732,97,1526,44.29679527,-124.7729134,44.8319732,-124.6771332,Garibaldi,1,3
5,11,12/21/2013,51,400,42,2013,3193.728215,148,1016,41.56707486,-124.3634542,42.25014912,-124.3350932,Tillamook,12,16
1,11,12/20/2013,51,300,35,2013,34.45607482,94,4408,41.55600079,-124.2866056,42.41249506,-124.2364395,Astoria,0,15
4,11,3/19/2013,12,300,35,2013,2641.143981,73,2764,42.99354457,-124.1898193,43.6959502,-124.0589779,Garibaldi,8,12
5,11,6/12/2015,24,400,42,2015,484.7767442,110,2042,48.09779836,-124.4156628,48.96423311,-124.3930501,Garibaldi,1,15
2,11,2/6/2013,6,400,50,2013,3380.49766,74,2551,46.14868684,-124.1609865,46.78336111,-123.9949116,Garibaldi,10,13
5,11,6/3/2014,23,400,42,2014,2799.577485,92,3301,42.631141,-124.0434892,43.47627774,-123.9178339,Siuslaw,8,11
2,11,7/8/2013,28,400,50,2013,2577.023814,64,3896,46.28348484,-124.1148089,46.66043923,-124.0173657,Tillamook,6,1
5,11,7/23/2014,30,400,42,2014,1759.696748,131,4462,44.25082944,-124.5355062,45.00161384,-124.4288494,Coos Bay,3,6
3,11,5/8/2015,19,500,65,2015,2350.966278,103,311,46.15243627,-124.4355258,47.0166606,-124.2807855,Astoria,1,13
5,11,12/17/2013,51,400,42,2013,1856.948441,109,1715,42.24927106,-124.5688022,42.75895726,-124.4685322,Garibaldi,10,3
1,11,12/5/2013,49,300,35,2013,3007.276225,76,377,48.30438664,-124.6109527,48.53004231,-124.4517002,Siuslaw,1,7
2,11,12/7/2013,49,400,50,2013,875.5754839,78,3651,49.89948177,-124.9132764,50.25274325,-124.8473791,Newport,0,9
1,11,4/16/2014,16,300,35,2014,1813.693245,75,543,46.89703627,-124.3304666,47.07026741,-124.2601959,Coos Bay,4,12
3,11,12/17/2016,51,500,65,2016,1519.944858,144,2560,47.89427143,-124.5876124,48.72664412,-124.4932357,Siuslaw,6,13
5,11,12/5/2014,49,400,42,2014,200.6248762,80,3768,46.94034516,-124.3270521,47.11070159,-124.2919226,Garibaldi,11,13
5,11,12/1/2015,49,400,42,2015,1477.243435,50,461,47.86176454,-124.3144101,48.36057087,-124.2833204,Garibaldi,6,16
5,11,12/21/2014,52,400,42,2014,2760.448616,50,39,46.09946501,-124.5980086,46.56311395,-124.4406553,Garibaldi,3,17
5,11,3/19/2015,12,400,42,2015,1606.032476,125,2241,40.83726678,-124.6121263,41.72205029,-124.5154582,Siuslaw,12,7
5,11,1/2/2013,1,400,42,2013,679.1055004,145,2883,43.78439286,-124.4529473,44.64919141,-124.3124189,Siuslaw,7,1
4,11,8/1/2014,31,300,35,2014,2604.270154,115,2716,44.23929845,-124.9592407,44.9630644,-124.8555442,Brookings,0,9
4,11,12/21/2016,52,300,35,2016,2605.860641,150,71,43.99505521,-124.9373072,44.39566795,-124.8897471,Garibaldi,5,3
2,11,12/18/2015,51,400,50,2015,2530.662219,117,3234,48.61333575,-124.4400543,48.68444685,-124.4399125,Siuslaw,9,5
5,11,5/11/2015,20,400,42,2015,876.0193924,122,3828,44.62385856,-124.3131005,45.53462338,-124.1697629,Tillamook,1,2
2,11,8/7/2013,32,400,50,2013,283.7729509,139,2092,46.75111489,-124.394699,46.83960995,-124.2992518,Tillamook,6,1
5,11,12/11/2016,51,400,42,2016,2302.105642,100,1141,47.5864565,-124.8731292,47.92122088,-124.7946622,Newport,3,11
2,11,12/20/2016,52,400,50,2016,3001.540801,72,478,47.42377228,-124.2395206,47.81207163,-124.2355751,Coos Bay,9,9
3,11,8/15/2014,33,500,65,2014,1669.308821,127,1968,41.49166009,-124.1875981,41.85826109,-124.1260735,Tillamook,2,9
4,11,12/2/2014,49,300,35,2014,446.472049,107,4529,47.2475292,-124.5108257,48.05533841,-124.4184529,Brookings,6,4
1,11,12/21/2015,52,300,35,2015,3471.133564,117,1723,46.96666842,-124.5758348,47.3257766,-124.4424394,Astoria,2,18
2,11,12/29/2015,53,400,50,2015,678.8712592,131,4184,45.19119885,-124.0996738,45.90741489,-123.9708467,Brookings,9,17
4,11,12/1/2016,49,300,35,2016,910.4551084,91,3491,43.7863226,-124.0077155,44.36466914,-123.8404207,Tillamook,1,13
1,11,12/29/2015,53,300,35,2015,1223.61557,100,1935,49.78866544,-124.4056191,50.16368821,-124.3126916,Astoria,1,19
2,11,12/30/2014,53,400,50,2014,3247.076432,110,899,41.38495157,-124.8734919,41.66941928,-124.8594044,Garibaldi,9,5
2,11,1/8/2013,2,400,50,2013,1895.799735,95,4457,48.79547024,-124.2832198,49.03761981,-124.1267536,Brookings,4,15
3,11,8/16/2013,33,500,65,2013,2500.031273,137,1741,47.89852786,-124.2013308,48.48350614,-124.0925834,Tillamook,2,12
3,11,3/22/2014,12,500,65,2014,3076.484124,125,2386,46.34032054,-124.1313913,47.17633218,-123.9673177,Garibaldi,12,10
5,11,4/13/2015,16,400,42,2015,2427.323547,118,4882,47.2719556,-124.1133713,47.61746897,-123.9774007,Garibaldi,2,17
2,11,8/28/2014,35,400,50,2014,2979.308607,120,669,46.36049005,-124.1910339,46.57292109,-124.178101,Garibaldi,5,20
2,11,2/4/2014,6,400,50,2014,1679.750198,55,2357,45.18857872,-124.32934,45.90461414,-124.2633375,Newport,11,4
3,11,5/20/2013,21,500,65,2013,632.2823907,53,151,43.45771588,-124.418287,43.78903555,-124.4036866,Siuslaw,7,20
2,11,12/23/2016,52,400,50,2016,1640.397834,150,4150,41.59835663,-124.4525565,42.36043119,-124.3765974,Tillamook,5,10
4,11,6/26/2015,26,300,35,2015,2791.381178,98,1688,43.39436588,-124.2184686,44.22602111,-124.065172,Newport,2,4
3,11,12/18/2015,51,500,65,2015,2094.864072,92,3167,43.40926747,-124.7702208,44.31616118,-124.6186323,Tillamook,10,18
2,11,7/7/2014,28,400,50,2014,3278.089595,110,2722,40.17852231,-124.6069538,40.54366899,-124.4754679,Astoria,10,8
2,11,12/22/2015,52,400,50,2015,200.3783864,137,1173,45.01872155,-124.0498943,45.60688038,-123.9674395,Brookings,0,2
5,11,12/9/2013,50,400,42,2013,3452.446742,69,752,44.08924509,-124.9125365,44.60807524,-124.7179102,Brookings,6,7
4,11,2/28/2013,9,300,35,2013,1324.400408,118,2764,49.64497722,-124.3251743,50.4264185,-124.3140151,Astoria,4,5
3,11,7/22/2015,30,500,65,2015,2238.68429,135,2226,40.00759976,-124.6841263,40.92072159,-124.5510308,Brookings,9,16
5,11,12/1/2015,49,400,42,2015,2619.885847,133,1197,48.74191605,-124.5014202,49.62006253,-124.4363638,Tillamook,0,18
1,11,12/25/2015,52,300,35,2015,2763.164849,72,969,46.05132884,-124.9149339,46.50917102,-124.7999308,Astoria,3,6
1,11,12/26/2013,52,300,35,2013,1390.804733,140,136,46.10022839,-124.5277341,46.39873796,-124.4116723,Tillamook,12,15
5,11,12/24/2013,52,400,42,2013,2120.916713,126,3434,40.7500425,-124.1973757,41.4556375,-124.0084636,Brookings,9,11
2,11,12/8/2016,50,400,50,2016,775.8170645,53,2600,48.52150223,-124.6141859,48.87398238,-124.4300778,Garibaldi,6,5
4,11,12/18/2016,52,300,35,2016,304.6684052,100,276,40.18425776,-124.746601,40.69664817,-124.6990623,Astoria,12,17
3,11,12/12/2013,50,500,65,2013,2579.310593,134,1216,49.81090173,-124.452176,50.69966324,-124.3149213,Garibaldi,5,9
2,11,12/6/2016,50,400,50,2016,1052.712014,115,2455,41.80901138,-124.1280166,42.57409882,-123.9644906,Newport,1,7
2,11,6/27/2014,26,400,50,2014,2597.339408,139,2157,41.70727129,-124.2390105,42.35245127,-124.1603912,Astoria,8,15
4,11,5/16/2013,20,300,35,2013,672.293328,81,722,46.28721448,-124.4840712,46.34417912,-124.3121304,Coos Bay,8,7
2,11,2/18/2015,8,400,50,2015,2680.360619,93,3819,44.76358148,-124.3159812,45.30776941,-124.135696,Coos Bay,6,8
4,11,12/25/2013,52,300,35,2013,2579.353442,122,4239,40.9639086,-124.0266392,41.46660591,-123.8336411,Tillamook,2,4
3,11,12/24/2013,52,500,65,2013,451.1852084,76,4381,48.43387711,-124.4739158,49.23829942,-124.3610586,Newport,6,12
2,11,12/8/2014,50,400,50,2014,248.3697493,143,2979,47.85316962,-124.5739419,48.47595548,-124.3810492,Tillamook,1,4
5,11,5/10/2015,20,400,42,2015,1493.911603,76,1895,49.10960433,-124.5998679,50.03152574,-124.4664033,Tillamook,9,18
4,11,7/11/2013,28,300,35,2013,1814.326988,105,3192,44.07017583,-124.9008679,44.86282895,-124.8019807,Newport,4,8
5,11,12/9/2013,50,400,42,2013,1874.239026,100,612,40.59832236,-124.119371,41.32464132,-123.968911,Brookings,7,0
5,11,12/15/2016,51,400,42,2016,3125.432151,79,3775,48.28684321,-124.3605213,48.29846405,-124.2247958,Brookings,3,16
3,11,3/12/2013,11,500,65,2013,1103.770562,81,4586,43.77692512,-124.1913885,44.69856573,-124.1375397,Astoria,8,4
5,11,12/26/2013,52,400,42,2013,3093.086357,92,1060,44.08970182,-124.3074482,44.64877588,-124.134089,Siuslaw,2,13
4,11,12/2/2016,49,300,35,2016,186.8619429,115,3240,40.33660735,-124.988225,40.7182301,-124.8269879,Newport,3,7
4,11,12/23/2014,52,300,35,2014,3087.860089,134,3446,46.02629021,-124.9348646,46.35021071,-124.7476165,Tillamook,9,4
3,11,12/29/2013,53,500,65,2013,664.2801054,122,2659,41.87078444,-124.8175615,42.0576348,-124.6684742,Coos Bay,12,10
3,11,7/13/2013,28,500,65,2013,2271.173914,64,4235,45.68495502,-124.6611634,45.77491982,-124.5008977,Siuslaw,3,6
3,11,2/20/2015,8,500,65,2015,193.0364129,86,835,41.08427891,-124.0974087,41.46492623,-123.9677737,Coos Bay,9,19
5,11,5/18/2014,21,400,42,2014,2207.624363,107,1409,40.50605055,-124.9064913,41.30923643,-124.8622304,Garibaldi,4,11
4,11,12/5/2016,50,300,35,2016,1336.260652,140,180,49.90537995,-124.4059547,50.63794047,-124.212679,Coos Bay,0,0
3,11,12/8/2013,50,500,65,2013,3001.489013,81,2629,48.09371595,-124.4035576,48.99962121,-124.3025378,Newport,2,8
4,11,1/7/2015,2,300,35,2015,3083.206409,135,1476,49.4822524,-124.5096688,50.33147697,-124.3958135,Astoria,2,20
3,11,12/19/2016,52,500,65,2016,548.8328084,147,4612,44.14664526,-124.731736,45.10201779,-124.5332752,Siuslaw,6,6
5,11,12/11/2013,50,400,42,2013,602.8836178,56,1831,49.33794476,-124.2136228,49.65056495,-124.0209172,Coos Bay,0,10
5,11,12/20/2013,51,400,42,2013,2870.761816,69,1287,48.3333543,-124.7338404,48.96617089,-124.7127011,Coos Bay,5,6
3,11,2/24/2013,9,500,65,2013,3096.278638,146,3418,47.3298987,-124.9544709,47.86206484,-124.8255361,Coos Bay,11,6
2,11,2/18/2014,8,400,50,2014,3424.305335,124,2445,44.34328443,-124.4133339,45.09480781,-124.2314989,Siuslaw,9,5
4,11,1/10/2014,2,300,35,2014,1708.3209,111,2332,41.48795893,-124.6705991,41.71919768,-124.472257,Tillamook,10,6
5,11,12/21/2015,52,400,42,2015,2917.466894,73,3978,45.41991526,-124.8726634,46.15895906,-124.7463756,Tillamook,10,18
3,11,7/21/2013,30,500,65,2013,3290.126929,106,2275,42.17766364,-124.4552797,42.73007411,-124.2836849,Newport,9,16
